{"next":null,"count":26,"results":[{"id":12,"name":"Aceite, especias y salsas","order":7,"layout":2,"published":true,"is_extended":false,"categories":[{"id":112,"name":"Aceite, vinagre y sal","order":7,"layout":1,"published":true,"is_extended":false,"categories":[{"id":420,"name":"Aceite de oliva","order":7,"layout":2,"published":true,"is_extended":false,"categories":null,"products":[{"id":"4240","slug":"aceite-oliva-04o-hacendado-botella","limit":999,"badges":{"is_water":false,"requires_age_check":false},"packaging":"Botella","published":true,"share_url":"https://tienda.mercadona.es/product/4240/aceite-oliva-04o-hacendado-botella","thumbnail":"https://prod-mercadona.imgix.net/images/1a84cd7052b68873985104ac24b87043.jpg?fit=crop\u0026h=300\u0026w=300","categories":[{"id":12,"name":"Aceite, especias y salsas","level":0,"order":7}],"display_name":"Aceite de oliva 0,4\u00BA Hacendado","price_instructions":{"iva":5,"is_new":false,"is_pack":false,"pack_size":null,"unit_name":null,"unit_size":1,"bulk_price":"6.80","unit_price":"6.80","approx_size":false,"size_format":"l","total_units":null,"unit_selector":true,"bunch_selector":false,"drained_weight":null,"selling_method":0,"price_decreased":false,"reference_price":"6.800","min_bunch_amount":1,"reference_format":"L","previous_unit_price":null,"increment_bunch_amount":1},"unavailable_weekdays":[]},{"id":"4717","slug":"aceite-oliva-virgen-extra-hacendado-garrafa","limit":999,"badges":{"is_water":false,"requires_age_check":false},"packaging":"Garrafa","published":true,"share_url":"https://tienda.mercadona.es/product/4717/aceite-oliva-virgen-extra-hacendado-garrafa","thumbnail":"https://prod-mercadona.imgix.net/images/74daad54f1e6e92856703ddeb02ea4df.jpg?fit=crop\u0026h=300\u0026w=300","categories":[{"id":12,"name":"Aceite, especias y salsas","level":0,"order":7}],"display_name":"Aceite de oliva virgen extra Hacendado","price_instructions":{"iva":5,"is_new":false,"is_pack":false,"pack_size":null,"unit_name":null,"unit_size":3,"bulk_price":"8.33","unit_price":"25.00","approx_size":false,"size_format":"l","total_units":null,"unit_selector":true,"bunch_selector":false,"drained_weight":null,"selling_method":0,"price_decreased":false,"reference_price":"8.334","min_bunch_amount":1,"reference_format":"L","previous_unit_price":null,"increment_bunch_amount":1},"unavailable_weekdays":[]},{"id":"4740","slug":"aceite-oliva-virgen-extra-hacendado-botella","limit":999,"badges":{"is_water":false,"requires_age_check":false},"packaging":"Botella","published":true,"share_url":"https://tienda.mercadona.es/product/4740/aceite-oliva-virgen-extra-hacendado-botella","thumbnail":"https://prod-mercadona.imgix.net/images/9850760f059c6bcfe363250157468907.jpg?fit=crop\u0026h=300\u0026w=300","categories":[{"id":12,"name":"Aceite, especias y salsas","level":0,"order":7}],"display_name":"Aceite de oliva virgen extra Hacendado","price_instructions":{"iva":5,"is_new":false,"is_pack":false,"pack_size":null,"unit_name":null,"unit_size":1,"bulk_price":"8.50","unit_price":"8.50","approx_size":false,"size_format":"l","total_units":null,"unit_selector":true,"bunch_selector":false,"drained_weight":null,"selling_method":0,"price_decreased":false,"reference_price":"8.500","min_bunch_amount":1,"reference_format":"L","previous_unit_price":null,"increment_bunch_amount":1},"unavailable_weekdays":[]},{"id":"4706","slug":"aceite-oliva-virgen-extra-hacendado-gran-seleccion-botella","limit":999,"badges":{"is_water":false,"requires_age_check":false},"packaging":"Botella","published":true,"share_url":"https://tienda.mercadona.es/product/4706/aceite-oliva-virgen-extra-hacendado-gran-seleccion-botella","thumbnail":"https://prod-mercadona.imgix.net/images/ca971ebf519d62b535e1d0ad05ebd394.jpg?fit=crop\u0026h=300\u0026w=300","categories":[{"id":12,"name":"Aceite, especias y salsas","level":0,"order":7}],"display_name":"Aceite de oliva virgen extra Hacendado Gran Selecci\u00F3n","price_instructions":{"iva":5,"is_new":false,"is_pack":false,"pack_size":null,"unit_name":null,"unit_size":0.75,"bulk_price":"9.53","unit_price":"7.15","approx_size":false,"size_format":"l","total_units":null,"unit_selector":true,"bunch_selector":false,"drained_weight":null,"selling_method":0,"price_decreased":false,"reference_price":"9.534","min_bunch_amount":1,"reference_format":"L","previous_unit_price":null,"increment_bunch_amount":1},"unavailable_weekdays":[]},{"id":"4641","slug":"aceite-oliva-1o-hacendado-garrafa","limit":999,"badges":{"is_water":false,"requires_age_check":false},"packaging":"Garrafa","published":true,"share_url":"https://tienda.mercadona.es/product/4641/aceite-oliva-1o-hacendado-garrafa","thumbnail":"https://prod-mercadona.imgix.net/images/29e0d1eaf714c1b03666268d23bc9741.jpg?fit=crop\u0026h=300\u0026w=300","categories":[{"id":12,"name":"Aceite, especias y salsas","level":0,"order":7}],"display_name":"Aceite de oliva 1\u00BA Hacendado","price_instructions":{"iva":5,"is_new":false,"is_pack":false,"pack_size":null,"unit_name":null,"unit_size":5,"bulk_price":"6.75","unit_price":"33.75","approx_size":false,"size_format":"l","total_units":null,"unit_selector":true,"bunch_selector":false,"drained_weight":null,"selling_method":0,"price_decreased":false,"reference_price":"6.750","min_bunch_amount":1,"reference_format":"L","previous_unit_price":null,"increment_bunch_amount":1},"unavailable_weekdays":[]},{"id":"4640","slug":"aceite-oliva-1o-hacendado-botella","limit":999,"badges":{"is_water":false,"requires_age_check":false},"packaging":"Botella","published":true,"share_url":"https://tienda.mercadona.es/product/4640/aceite-oliva-1o-hacendado-botella","thumbnail":"https://prod-mercadona.imgix.net/images/b57ae00beedb23ec86686fa3651fd448.jpg?fit=crop\u0026h=300\u0026w=300","categories":[{"id":12,"name":"Aceite, especias y salsas","level":0,"order":7}],"display_name":"Aceite de oliva 1\u00BA Hacendado","price_instructions":{"iva":5,"is_new":false,"is_pack":false,"pack_size":null,"unit_name":null,"unit_size":1,"bulk_price":"6.80","unit_price":"6.80","approx_size":false,"size_format":"l","total_units":null,"unit_selector":true,"bunch_selector":false,"drained_weight":null,"selling_method":0,"price_decreased":false,"reference_price":"6.800","min_bunch_amount":1,"reference_format":"L","previous_unit_price":null,"increment_bunch_amount":1},"unavailable_weekdays":[]},{"id":"4711","slug":"aceite-oliva-virgen-hacendado-garrafa","limit":999,"badges":{"is_water":false,"requires_age_check":false},"packaging":"Garrafa","published":true,"share_url":"https://tienda.mercadona.es/product/4711/aceite-oliva-virgen-hacendado-garrafa","thumbnail":"https://prod-mercadona.imgix.net/images/e58a263f9514576e38a96724b3104f9b.jpg?fit=crop\u0026h=300\u0026w=300","categories":[{"id":12,"name":"Aceite, especias y salsas","level":0,"order":7}],"display_name":"Aceite de oliva virgen Hacendado","price_instructions":{"iva":5,"is_new":false,"is_pack":false,"pack_size":null,"unit_name":null,"unit_size":3,"bulk_price":"7.50","unit_price":"22.50","approx_size":false,"size_format":"l","total_units":null,"unit_selector":true,"bunch_selector":false,"drained_weight":null,"selling_method":0,"price_decreased":false,"reference_price":"7.500","min_bunch_amount":1,"reference_format":"L","previous_unit_price":null,"increment_bunch_amount":1},"unavailable_weekdays":[]},{"id":"4749","slug":"aceite-oliva-virgen-hacendado-botella","limit":999,"badges":{"is_water":false,"requires_age_check":false},"packaging":"Botella","published":true,"share_url":"https://tienda.mercadona.es/product/4749/aceite-oliva-virgen-hacendado-botella","thumbnail":"https://prod-mercadona.imgix.net/images/7a14986c6a536dcd485b8bb8b8e24e33.jpg?fit=crop\u0026h=300\u0026w=300","categories":[{"id":12,"name":"Aceite, especias y salsas","level":0,"order":7}],"display_name":"Aceite de oliva virgen Hacendado","price_instructions":{"iva":5,"is_new":false,"is_pack":false,"pack_size":null,"unit_name":null,"unit_size":1,"bulk_price":"7.70","unit_price":"7.70","approx_size":false,"size_format":"l","total_units":null,"unit_selector":true,"bunch_selector":false,"drained_weight":null,"selling_method":0,"price_decreased":false,"reference_price":"7.700","min_bunch_amount":1,"reference_format":"L","previous_unit_price":null,"increment_bunch_amount":1},"unavailable_weekdays":[]},{"id":"4204","slug":"aceite-oliva-suave-hacendado-garrafa","limit":999,"badges":{"is_water":false,"requires_age_check":false},"packaging":"Garrafa","published":true,"share_url":"https://tienda.mercadona.es/product/4204/aceite-oliva-suave-hacendado-garrafa","thumbnail":"https://prod-mercadona.imgix.net/images/617bf49db3b4f79f5e311007e8cee4ab.jpg?fit=crop\u0026h=300\u0026w=300","categories":[{"id":12,"name":"Aceite, especias y salsas","level":0,"order":7}],"display_name":"Aceite de oliva suave Hacendado","price_instructions":{"iva":5,"is_new":false,"is_pack":false,"pack_size":null,"unit_name":null,"unit_size":3,"bulk_price":"6.75","unit_price":"20.25","approx_size":false,"size_format":"l","total_units":null,"unit_selector":true,"bunch_selector":false,"drained_weight":null,"selling_method":0,"price_decreased":false,"reference_price":"6.750","min_bunch_amount":1,"reference_format":"L","previous_unit_price":null,"increment_bunch_amount":1},"unavailable_weekdays":[]},{"id":"4718","slug":"aceite-oliva-virgen-extra-hacendado-spray","limit":999,"badges":{"is_water":false,"requires_age_check":false},"packaging":"Spray","published":true,"share_url":"https://tienda.mercadona.es/product/4718/aceite-oliva-virgen-extra-hacendado-spray","thumbnail":"https://prod-mercadona.imgix.net/images/2dd497b89f607de5efde08d7b1585888.jpg?fit=crop\u0026h=300\u0026w=300","categories":[{"id":12,"name":"Aceite, especias y salsas","level":0,"order":7}],"display_name":"Aceite de oliva virgen extra Hacendado","price_instructions":{"iva":5,"is_new":false,"is_pack":false,"pack_size":null,"unit_name":null,"unit_size":0.2,"bulk_price":"14.00","unit_price":"2.80","approx_size":false,"size_format":"l","total_units":null,"unit_selector":true,"bunch_selector":false,"drained_weight":null,"selling_method":0,"price_decreased":false,"reference_price":"14.000","min_bunch_amount":1,"reference_format":"L","previous_unit_price":null,"increment_bunch_amount":1},"unavailable_weekdays":[]},{"id":"4850","slug":"aceite-oliva-virgen-extra-picual-casa-juncal-botella","limit":999,"badges":{"is_water":false,"requires_age_check":false},"packaging":"Botella","published":true,"share_url":"https://tienda.mercadona.es/product/4850/aceite-oliva-virgen-extra-picual-casa-juncal-botella","thumbnail":"https://prod-mercadona.imgix.net/images/3269cf8fa758e44f8d3006807c23a16f.jpg?fit=crop\u0026h=300\u0026w=300","categories":[{"id":12,"name":"Aceite, especias y salsas","level":0,"order":7}],"display_name":"Aceite de oliva virgen extra Picual Casa Juncal","price_instructions":{"iva":5,"is_new":false,"is_pack":false,"pack_size":null,"unit_name":null,"unit_size":0.5,"bulk_price":"12.60","unit_price":"6.30","approx_size":false,"size_format":"l","total_units":null,"unit_selector":true,"bunch_selector":false,"drained_weight":null,"selling_method":0,"price_decreased":false,"reference_price":"12.600","min_bunch_amount":1,"reference_format":"L","previous_unit_price":null,"increment_bunch_amount":1},"unavailable_weekdays":[]}]},{"id":421,"name":"Aceite de girasol, semillas y ma\u00EDz","order":7,"layout":2,"published":true,"is_extended":false,"categories":null,"products":[{"id":"4047","slug":"aceite-girasol-refinado-02o-hacendado-garrafa","limit":999,"badges":{"is_water":false,"requires_age_check":false},"packaging":"Garrafa","published":true,"share_url":"https://tienda.mercadona.es/product/4047/aceite-girasol-refinado-02o-hacendado-garrafa","thumbnail":"https://prod-mercadona.imgix.net/images/ba2a43fa88471d86068e99e0ad10bed3.jpg?fit=crop\u0026h=300\u0026w=300","categories":[{"id":12,"name":"Aceite, especias y salsas","level":0,"order":7}],"display_name":"Aceite de girasol refinado 0,2\u00BA Hacendado","price_instructions":{"iva":5,"is_new":false,"is_pack":false,"pack_size":null,"unit_name":null,"unit_size":5,"bulk_price":"1.50","unit_price":"7.50","approx_size":false,"size_format":"l","total_units":null,"unit_selector":true,"bunch_selector":false,"drained_weight":null,"selling_method":0,"price_decreased":false,"reference_price":"1.500","min_bunch_amount":1,"reference_format":"L","previous_unit_price":null,"increment_bunch_amount":1},"unavailable_weekdays":[]},{"id":"4046","slug":"aceite-girasol-refinado-02o-hacendado-botella","limit":999,"badges":{"is_water":false,"requires_age_check":false},"packaging":"Botella","published":true,"share_url":"https://tienda.mercadona.es/product/4046/aceite-girasol-refinado-02o-hacendado-botella","thumbnail":"https://prod-mercadona.imgix.net/images/fd8aa3a00f4c55f8e415f6fe635e4971.jpg?fit=crop\u0026h=300\u0026w=300","categories":[{"id":12,"name":"Aceite, especias y salsas","level":0,"order":7}],"display_name":"Aceite de girasol refinado 0,2\u00BA Hacendado","price_instructions":{"iva":5,"is_new":false,"is_pack":false,"pack_size":null,"unit_name":null,"unit_size":1,"bulk_price":"1.55","unit_price":"1.55","approx_size":false,"size_format":"l","total_units":null,"unit_selector":true,"bunch_selector":false,"drained_weight":null,"selling_method":0,"price_decreased":false,"reference_price":"1.550","min_bunch_amount":1,"reference_format":"L","previous_unit_price":null,"increment_bunch_amount":1},"unavailable_weekdays":[]},{"id":"4193","slug":"aceite-coco-virgen-hacendado-bote","limit":999,"badges":{"is_water":false,"requires_age_check":false},"packaging":"Bote","published":true,"share_url":"https://tienda.mercadona.es/product/4193/aceite-coco-virgen-hacendado-bote","thumbnail":"https://prod-mercadona.imgix.net/images/4b73d0063a13ed91219d84e7dd70d22d.jpg?fit=crop\u0026h=300\u0026w=300","categories":[{"id":12,"name":"Aceite, especias y salsas","level":0,"order":7}],"display_name":"Aceite de coco virgen Hacendado","price_instructions":{"iva":10,"is_new":false,"is_pack":false,"pack_size":null,"unit_name":null,"unit_size":0.45,"bulk_price":"9.78","unit_price":"4.40","approx_size":false,"size_format":"l","total_units":null,"unit_selector":true,"bunch_selector":false,"drained_weight":null,"selling_method":0,"price_decreased":false,"reference_price":"9.778","min_bunch_amount":1,"reference_format":"L","previous_unit_price":null,"increment_bunch_amount":1},"unavailable_weekdays":[]}]},{"id":422,"name":"Vinagre y otros aderezos","order":7,"layout":2,"published":true,"is_extended":false,"categories":null,"products":[{"id":"4940","slug":"vinagre-vino-blanco-hacendado-botella","limit":999,"badges":{"is_water":false,"requires_age_check":false},"packaging":"Botella","published":true,"share_url":"https://tienda.mercadona.es/product/4940/vinagre-vino-blanco-hacendado-botella","thumbnail":"https://prod-mercadona.imgix.net/images/998aae3f62fda2b1e90ecd4e835357e3.jpg?fit=crop\u0026h=300\u0026w=300","categories":[{"id":12,"name":"Aceite, especias y salsas","level":0,"order":7}],"display_name":"Vinagre de vino blanco Hacendado","price_instructions":{"iva":10,"is_new":false,"is_pack":false,"pack_size":null,"unit_name":null,"unit_size":1,"bulk_price":"0.65","unit_price":"0.65","approx_size":false,"size_format":"l","total_units":null,"unit_selector":true,"bunch_selector":false,"drained_weight":null,"selling_method":0,"price_decreased":false,"reference_price":"0.650","min_bunch_amount":1,"reference_format":"L","previous_unit_price":null,"increment_bunch_amount":1},"unavailable_weekdays":[]},{"id":"4954","slug":"vinagre-balsamico-modena-hacendado-botella","limit":999,"badges":{"is_water":false,"requires_age_check":false},"packaging":"Botella","published":true,"share_url":"https://tienda.mercadona.es/product/4954/vinagre-balsamico-modena-hacendado-botella","thumbnail":"https://prod-mercadona.imgix.net/images/6e6409e684f3c6c7834554ed3933b9a2.jpg?fit=crop\u0026h=300\u0026w=300","categories":[{"id":12,"name":"Aceite, especias y salsas","level":0,"order":7}],"display_name":"Vinagre bals\u00E1mico de M\u00F3dena Hacendado","price_instructions":{"iva":10,"is_new":false,"is_pack":false,"pack_size":null,"unit_name":null,"unit_size":0.25,"bulk_price":"4.80","unit_price":"1.20","approx_size":false,"size_format":"l","total_units":null,"unit_selector":true,"bunch_selector":false,"drained_weight":null,"selling_method":0,"price_decreased":false,"reference_price":"4.800","min_bunch_amount":1,"reference_format":"L","previous_unit_price":null,"increment_bunch_amount":1},"unavailable_weekdays":[]},{"id":"4957","slug":"vinagre-manzana-hacendado-botella","limit":999,"badges":{"is_water":false,"requires_age_check":false},"packaging":"Botella","published":true,"share_url":"https://tienda.mercadona.es/product/4957/vinagre-manzana-hacendado-botella","thumbnail":"https://prod-mercadona.imgix.net/images/98d5a34a0d30798bbdc520993f63e542.jpg?fit=crop\u0026h=300\u0026w=300","categories":[{"id":12,"name":"Aceite, especias y salsas","level":0,"order":7}],"display_name":"Vinagre de manzana Hacendado","price_instructions":{"iva":10,"is_new":false,"is_pack":false,"pack_size":null,"unit_name":null,"unit_size":1,"bulk_price":"0.80","unit_price":"0.80","approx_size":false,"size_format":"l","total_units":null,"unit_selector":true,"bunch_selector":false,"drained_weight":null,"selling_method":0,"price_decreased":false,"reference_price":"0.800","min_bunch_amount":1,"reference_format":"L","previous_unit_price":null,"increment_bunch_amount":1},"unavailable_weekdays":[]},{"id":"4903","slug":"limon-exprimido-hacendado-botella","limit":999,"badges":{"is_water":false,"requires_age_check":false},"packaging":"Botella","published":true,"share_url":"https://tienda.mercadona.es/product/4903/limon-exprimido-hacendado-botella","thumbnail":"https://prod-mercadona.imgix.net/images/802d61bae30f424fa8315698f9f245db.jpg?fit=crop\u0026h=300\u0026w=300","categories":[{"id":12,"name":"Aceite, especias y salsas","level":0,"order":7}],"display_name":"Lim\u00F3n exprimido Hacendado","price_instructions":{"iva":10,"is_new":false,"is_pack":false,"pack_size":null,"unit_name":null,"unit_size":0.28,"bulk_price":"3.39","unit_price":"0.95","approx_size":false,"size_format":"l","total_units":null,"unit_selector":true,"bunch_selector":false,"drained_weight":null,"selling_method":0,"price_decreased":false,"reference_price":"3.393","min_bunch_amount":1,"reference_format":"L","previous_unit_price":null,"increment_bunch_amount":1},"unavailable_weekdays":[]},{"id":"4908","slug":"crema-vinagre-balsamico-modena-hacendado-botella","limit":999,"badges":{"is_water":false,"requires_age_check":false},"packaging":"Botella","published":true,"share_url":"https://tienda.mercadona.es/product/4908/crema-vinagre-balsamico-modena-hacendado-botella","thumbnail":"https://prod-mercadona.imgix.net/images/d23cb7535fe0a9e9e053713faff31b93.jpg?fit=crop\u0026h=300\u0026w=300","categories":[{"id":12,"name":"Aceite, especias y salsas","level":0,"order":7}],"display_name":"Crema de vinagre bals\u00E1mico de M\u00F3dena Hacendado","price_instructions":{"iva":10,"is_new":false,"is_pack":false,"pack_size":null,"unit_name":null,"unit_size":0.25,"bulk_price":"6.60","unit_price":"1.65","approx_size":false,"size_format":"kg","total_units":null,"unit_selector":true,"bunch_selector":false,"drained_weight":null,"selling_method":0,"price_decreased":false,"reference_price":"6.600","min_bunch_amount":1,"reference_format":"kg","previous_unit_price":null,"increment_bunch_amount":1},"unavailable_weekdays":[]},{"id":"13609","slug":"vinagre-jerez-reserva-hacendado-botella","limit":999,"badges":{"is_water":false,"requires_age_check":false},"packaging":"Botella","published":true,"share_url":"https://tienda.mercadona.es/product/13609/vinagre-jerez-reserva-hacendado-botella","thumbnail":"https://prod-mercadona.imgix.net/images/bfa0c4aabf80adf4cd9a390df6aa7184.jpg?fit=crop\u0026h=300\u0026w=300","categories":[{"id":12,"name":"Aceite, especias y salsas","level":0,"order":7}],"display_name":"Vinagre de Jerez reserva Hacendado","price_instructions":{"iva":10,"is_new":false,"is_pack":false,"pack_size":null,"unit_name":null,"unit_size":0.25,"bulk_price":"7.20","unit_price":"1.80","approx_size":false,"size_format":"l","total_units":null,"unit_selector":true,"bunch_selector":false,"drained_weight":null,"selling_method":0,"price_decreased":false,"reference_price":"7.200","min_bunch_amount":1,"reference_format":"L","previous_unit_price":null,"increment_bunch_amount":1},"unavailable_weekdays":[]},{"id":"4905","slug":"reduccion-vinagre-pedro-ximenez-hacendado-botella","limit":999,"badges":{"is_water":false,"requires_age_check":false},"packaging":"Botella","published":true,"share_url":"https://tienda.mercadona.es/product/4905/reduccion-vinagre-pedro-ximenez-hacendado-botella","thumbnail":"https://prod-mercadona.imgix.net/images/0f2f3566dedc310f8330782da97cff7b.jpg?fit=crop\u0026h=300\u0026w=300","categories":[{"id":12,"name":"Aceite, especias y salsas","level":0,"order":7}],"display_name":"Reducci\u00F3n de vinagre Pedro Xim\u00E9nez Hacendado","price_instructions":{"iva":10,"is_new":false,"is_pack":false,"pack_size":null,"unit_name":null,"unit_size":0.3,"bulk_price":"7.50","unit_price":"2.25","approx_size":false,"size_format":"kg","total_units":null,"unit_selector":true,"bunch_selector":false,"drained_weight":null,"selling_method":0,"price_decreased":false,"reference_price":"7.500","min_bunch_amount":1,"reference_format":"kg","previous_unit_price":null,"increment_bunch_amount":1},"unavailable_weekdays":[]},{"id":"4962","slug":"aceite-oliva-vinagre-sal-merry-5-monodosis-10-ml-aceite-oliva-virgen-extra-5-monodosis-10-ml-vinagre-jerez-5-monodosis-1-gr-sal-paquete","limit":999,"badges":{"is_water":false,"requires_age_check":false},"packaging":"Paquete","published":true,"share_url":"https://tienda.mercadona.es/product/4962/aceite-oliva-vinagre-sal-merry-5-monodosis-10-ml-aceite-oliva-virgen-extra-5-monodosis-10-ml-vinagre-jerez-5-monodosis-1-gr-sal-paquete","thumbnail":"https://prod-mercadona.imgix.net/images/76415f87b3e97c28177c7d42b0beac62.jpg?fit=crop\u0026h=300\u0026w=300","categories":[{"id":12,"name":"Aceite, especias y salsas","level":0,"order":7}],"display_name":"Aceite de oliva, vinagre y sal Merry","price_instructions":{"iva":10,"is_new":false,"is_pack":true,"pack_size":0.01,"unit_name":"monodosis","unit_size":0.1,"bulk_price":"20.00","unit_price":"2.00","approx_size":false,"size_format":"l","total_units":15,"unit_selector":true,"bunch_selector":false,"drained_weight":null,"selling_method":0,"price_decreased":false,"reference_price":"20.000","min_bunch_amount":1,"reference_format":"L","previous_unit_price":null,"increment_bunch_amount":1},"unavailable_weekdays":[]}]},{"id":424,"name":"Sal y bicarbonato","order":7,"layout":2,"published":true,"is_extended":false,"categories":null,"products":[{"id":"19731","slug":"sal-fina-hacendado-paquete","limit":999,"badges":{"is_water":false,"requires_age_check":false},"packaging":"Paquete","published":true,"share_url":"https://tienda.mercadona.es/product/19731/sal-fina-hacendado-paquete","thumbnail":"https://prod-mercadona.imgix.net/images/5097b3d7450edab7c2d9586299f5f3b9.jpg?fit=crop\u0026h=300\u0026w=300","categories":[{"id":12,"name":"Aceite, especias y salsas","level":0,"order":7}],"display_name":"Sal fina Hacendado","price_instructions":{"iva":10,"is_new":false,"is_pack":false,"pack_size":null,"unit_name":null,"unit_size":1,"bulk_price":"0.30","unit_price":"0.30","approx_size":false,"size_format":"kg","total_units":null,"unit_selector":true,"bunch_selector":false,"drained_weight":null,"selling_method":0,"price_decreased":false,"reference_price":"0.300","min_bunch_amount":1,"reference_format":"kg","previous_unit_price":null,"increment_bunch_amount":1},"unavailable_weekdays":[]},{"id":"19715","slug":"sal-fina-mesa-hacendado-bote","limit":999,"badges":{"is_water":false,"requires_age_check":false},"packaging":"Bote","published":true,"share_url":"https://tienda.mercadona.es/product/19715/sal-fina-mesa-hacendado-bote","thumbnail":"https://prod-mercadona.imgix.net/images/32e154799c788a3227d8121ea493cab4.jpg?fit=crop\u0026h=300\u0026w=300","categories":[{"id":12,"name":"Aceite, especias y salsas","level":0,"order":7}],"display_name":"Sal fina de mesa Hacendado","price_instructions":{"iva":10,"is_new":false,"is_pack":false,"pack_size":null,"unit_name":null,"unit_size":0.25,"bulk_price":"2.40","unit_price":"0.60","approx_size":false,"size_format":"kg","total_units":null,"unit_selector":true,"bunch_selector":false,"drained_weight":null,"selling_method":0,"price_decreased":false,"reference_price":"2.400","min_bunch_amount":1,"reference_format":"kg","previous_unit_price":null,"increment_bunch_amount":1},"unavailable_weekdays":[]},{"id":"19749","slug":"sal-yodada-fina-hacendado-paquete","limit":999,"badges":{"is_water":false,"requires_age_check":false},"packaging":"Paquete","published":true,"share_url":"https://tienda.mercadona.es/product/19749/sal-yodada-fina-hacendado-paquete","thumbnail":"https://prod-mercadona.imgix.net/images/6bf6b709331f88d7617f99efca8f8106.jpg?fit=crop\u0026h=300\u0026w=300","categories":[{"id":12,"name":"Aceite, especias y salsas","level":0,"order":7}],"display_name":"Sal yodada fina Hacendado","price_instructions":{"iva":10,"is_new":false,"is_pack":false,"pack_size":null,"unit_name":null,"unit_size":1,"bulk_price":"0.35","unit_price":"0.35","approx_size":false,"size_format":"kg","total_units":null,"unit_selector":true,"bunch_selector":false,"drained_weight":null,"selling_method":0,"price_decreased":false,"reference_price":"0.350","min_bunch_amount":1,"reference_format":"kg","previous_unit_price":null,"increment_bunch_amount":1},"unavailable_weekdays":[]},{"id":"19750","slug":"sal-gruesa-hacendado-paquete","limit":999,"badges":{"is_water":false,"requires_age_check":false},"packaging":"Paquete","published":true,"share_url":"https://tienda.mercadona.es/product/19750/sal-gruesa-hacendado-paquete","thumbnail":"https://prod-mercadona.imgix.net/images/a81a22fc505bece2f093574d3486204a.jpg?fit=crop\u0026h=300\u0026w=300","categories":[{"id":12,"name":"Aceite, especias y salsas","level":0,"order":7}],"display_name":"Sal gruesa Hacendado","price_instructions":{"iva":10,"is_new":false,"is_pack":false,"pack_size":null,"unit_name":null,"unit_size":1,"bulk_price":"0.35","unit_price":"0.35","approx_size":false,"size_format":"kg","total_units":null,"unit_selector":true,"bunch_selector":false,"drained_weight":null,"selling_method":0,"price_decreased":false,"reference_price":"0.350","min_bunch_amount":1,"reference_format":"kg","previous_unit_price":null,"increment_bunch_amount":1},"unavailable_weekdays":[]},{"id":"29007","slug":"bicarbonato-sodico-hacendado-paquete","limit":999,"badges":{"is_water":false,"requires_age_check":false},"packaging":"Paquete","published":true,"share_url":"https://tienda.mercadona.es/product/29007/bicarbonato-sodico-hacendado-paquete","thumbnail":"https://prod-mercadona.imgix.net/images/ed1ebfa8c76af67dc21a385de31fc778.jpg?fit=crop\u0026h=300\u0026w=300","categories":[{"id":12,"name":"Aceite, especias y salsas","level":0,"order":7}],"display_name":"Bicarbonato s\u00F3dico Hacendado","price_instructions":{"iva":10,"is_new":false,"is_pack":false,"pack_size":null,"unit_name":null,"unit_size":1,"bulk_price":"1.50","unit_price":"1.50","approx_size":false,"size_format":"kg","total_units":null,"unit_selector":true,"bunch_selector":false,"drained_weight":null,"selling_method":0,"price_decreased":false,"reference_price":"1.500","min_bunch_amount":1,"reference_format":"kg","previous_unit_price":null,"increment_bunch_amount":1},"unavailable_weekdays":[]},{"id":"29006","slug":"bicarbonato-sodico-hacendado-bote","limit":999,"badges":{"is_water":false,"requires_age_check":false},"packaging":"Bote","published":true,"share_url":"https://tienda.mercadona.es/product/29006/bicarbonato-sodico-hacendado-bote","thumbnail":"https://prod-mercadona.imgix.net/images/c7cd20b0038ee22bb7678fbebc26df3f.jpg?fit=crop\u0026h=300\u0026w=300","categories":[{"id":12,"name":"Aceite, especias y salsas","level":0,"order":7}],"display_name":"Bicarbonato s\u00F3dico Hacendado","price_instructions":{"iva":10,"is_new":false,"is_pack":false,"pack_size":null,"unit_name":null,"unit_size":0.3,"bulk_price":"3.67","unit_price":"1.10","approx_size":false,"size_format":"kg","total_units":null,"unit_selector":true,"bunch_selector":false,"drained_weight":null,"selling_method":0,"price_decreased":false,"reference_price":"3.667","min_bunch_amount":1,"reference_format":"kg","previous_unit_price":null,"increment_bunch_amount":1},"unavailable_weekdays":[]},{"id":"19740","slug":"sal-marina-escamas-polasal-bote","limit":999,"badges":{"is_water":false,"requires_age_check":false},"packaging":"Bote","published":true,"share_url":"https://tienda.mercadona.es/product/19740/sal-marina-escamas-polasal-bote","thumbnail":"https://prod-mercadona.imgix.net/images/36bc3658a807997961ec5fda23dd948e.jpg?fit=crop\u0026h=300\u0026w=300","categories":[{"id":12,"name":"Aceite, especias y salsas","level":0,"order":7}],"display_name":"Sal marina en escamas Polasal","price_instructions":{"iva":10,"is_new":false,"is_pack":false,"pack_size":null,"unit_name":null,"unit_size":0.125,"bulk_price":"16.00","unit_price":"2.00","approx_size":false,"size_format":"kg","total_units":null,"unit_selector":true,"bunch_selector":false,"drained_weight":null,"selling_method":0,"price_decreased":false,"reference_price":"16.000","min_bunch_amount":1,"reference_format":"kg","previous_unit_price":null,"increment_bunch_amount":1},"unavailable_weekdays":[]},{"id":"19734","slug":"sal-gruesa-hornear-hacendado-paquete","limit":999,"badges":{"is_water":false,"requires_age_check":false},"packaging":"Paquete","published":true,"share_url":"https://tienda.mercadona.es/product/19734/sal-gruesa-hornear-hacendado-paquete","thumbnail":"https://prod-mercadona.imgix.net/images/c46d67d22d1cf40d537ab349322b8da2.jpg?fit=crop\u0026h=300\u0026w=300","categories":[{"id":12,"name":"Aceite, especias y salsas","level":0,"order":7}],"display_name":"Sal gruesa para hornear Hacendado","price_instructions":{"iva":10,"is_new":false,"is_pack":false,"pack_size":null,"unit_name":null,"unit_size":2,"bulk_price":"0.48","unit_price":"0.95","approx_size":false,"size_format":"kg","total_units":null,"unit_selector":true,"bunch_selector":false,"drained_weight":null,"selling_method":0,"price_decreased":false,"reference_price":"0.475","min_bunch_amount":1,"reference_format":"kg","previous_unit_price":null,"increment_bunch_amount":1},"unavailable_weekdays":[]},{"id":"34130","slug":"sal-ajo-hacendado-bote","limit":999,"badges":{"is_water":false,"requires_age_check":false},"packaging":"Bote","published":true,"share_url":"https://tienda.mercadona.es/product/34130/sal-ajo-hacendado-bote","thumbnail":"https://prod-mercadona.imgix.net/images/bd81680a3655bf89428f333254f34979.jpg?fit=crop\u0026h=300\u0026w=300","categories":[{"id":12,"name":"Aceite, especias y salsas","level":0,"order":7}],"display_name":"Sal de ajo Hacendado","price_instructions":{"iva":10,"is_new":false,"is_pack":false,"pack_size":null,"unit_name":null,"unit_size":0.13,"bulk_price":"13.46","unit_price":"1.75","approx_size":false,"size_format":"kg","total_units":null,"unit_selector":true,"bunch_selector":false,"drained_weight":null,"selling_method":0,"price_decreased":false,"reference_price":"13.462","min_bunch_amount":1,"reference_format":"kg","previous_unit_price":null,"increment_bunch_amount":1},"unavailable_weekdays":[]},{"id":"29016","slug":"sal-frutas-sabor-limon-hacendado-bote","limit":999,"badges":{"is_water":false,"requires_age_check":false},"packaging":"Bote","published":true,"share_url":"https://tienda.mercadona.es/product/29016/sal-frutas-sabor-limon-hacendado-bote","thumbnail":"https://prod-mercadona.imgix.net/images/5ba4d62436d14a7cc28378beb8629a46.jpg?fit=crop\u0026h=300\u0026w=300","categories":[{"id":12,"name":"Aceite, especias y salsas","level":0,"order":7}],"display_name":"Sal de frutas sabor lim\u00F3n Hacendado","price_instructions":{"iva":10,"is_new":false,"is_pack":false,"pack_size":null,"unit_name":null,"unit_size":0.25,"bulk_price":"8.40","unit_price":"2.10","approx_size":false,"size_format":"kg","total_units":null,"unit_selector":true,"bunch_selector":false,"drained_weight":null,"selling_method":0,"price_decreased":false,"reference_price":"8.400","min_bunch_amount":1,"reference_format":"kg","previous_unit_price":null,"increment_bunch_amount":1},"unavailable_weekdays":[]},{"id":"19713","slug":"sal-60-menos-sodio-hacendado-bote","limit":999,"badges":{"is_water":false,"requires_age_check":false},"packaging":"Bote","published":true,"share_url":"https://tienda.mercadona.es/product/19713/sal-60-menos-sodio-hacendado-bote","thumbnail":"https://prod-mercadona.imgix.net/images/94a6e7709ae88d33abaf61dc7bfaec2a.jpg?fit=crop\u0026h=300\u0026w=300","categories":[{"id":12,"name":"Aceite, especias y salsas","level":0,"order":7}],"display_name":"Sal 60% menos de sodio Hacendado","price_instructions":{"iva":10,"is_new":false,"is_pack":false,"pack_size":null,"unit_name":null,"unit_size":0.25,"bulk_price":"9.20","unit_price":"2.30","approx_size":false,"size_format":"kg","total_units":null,"unit_selector":true,"bunch_selector":false,"drained_weight":null,"selling_method":0,"price_decreased":false,"reference_price":"9.200","min_bunch_amount":1,"reference_format":"kg","previous_unit_price":null,"increment_bunch_amount":1},"unavailable_weekdays":[]},{"id":"19726","slug":"preparado-salmon-ahumado-hacendado-bote","limit":999,"badges":{"is_water":false,"requires_age_check":false},"packaging":"Bote","published":true,"share_url":"https://tienda.mercadona.es/product/19726/preparado-salmon-ahumado-hacendado-bote","thumbnail":"https://prod-mercadona.imgix.net/images/029c3c8e49b1d8f5bccae5a4c6283d47.jpg?fit=crop\u0026h=300\u0026w=300","categories":[{"id":12,"name":"Aceite, especias y salsas","level":0,"order":7}],"display_name":"Preparado para salm\u00F3n ahumado Hacendado","price_instructions":{"iva":10,"is_new":false,"is_pack":false,"pack_size":null,"unit_name":null,"unit_size":0.75,"bulk_price":"4.40","unit_price":"3.30","approx_size":false,"size_format":"kg","total_units":null,"unit_selector":true,"bunch_selector":false,"drained_weight":null,"selling_method":0,"price_decreased":false,"reference_price":"4.400","min_bunch_amount":1,"reference_format":"kg","previous_unit_price":null,"increment_bunch_amount":1},"unavailable_weekdays":[]},{"id":"19701","slug":"sal-rosa-himalaya-hacendado-bote","limit":999,"badges":{"is_water":false,"requires_age_check":false},"packaging":"Bote","published":true,"share_url":"https://tienda.mercadona.es/product/19701/sal-rosa-himalaya-hacendado-bote","thumbnail":"https://prod-mercadona.imgix.net/images/991e60bbdb74fba917c9e25a05d2ab78.jpg?fit=crop\u0026h=300\u0026w=300","categories":[{"id":12,"name":"Aceite, especias y salsas","level":0,"order":7}],"display_name":"Sal rosa del Himalaya Hacendado","price_instructions":{"iva":10,"is_new":false,"is_pack":false,"pack_size":null,"unit_name":null,"unit_size":0.25,"bulk_price":"7.20","unit_price":"1.80","approx_size":false,"size_format":"kg","total_units":null,"unit_selector":true,"bunch_selector":false,"drained_weight":null,"selling_method":0,"price_decreased":false,"reference_price":"7.200","min_bunch_amount":1,"reference_format":"kg","previous_unit_price":null,"increment_bunch_amount":1},"unavailable_weekdays":[]}]}],"products":null},{"id":115,"name":"Especias","order":7,"layout":1,"published":true,"is_extended":false,"categories":null,"products":null},{"id":116,"name":"Mayonesa, ketchup y mostaza","order":7,"layout":1,"published":true,"is_extended":false,"categories":null,"products":null},{"id":117,"name":"Otras salsas","order":7,"layout":1,"published":true,"is_extended":false,"categories":null,"products":null}],"products":null}],"previous":null}